@article{pino2017colombia,
  title={Colombia: Sistema financiero y pobreza},
  author={Pino, Yolanda Guerrero},
  journal={Ola Financiera},
  number={27},
  pages={33--64},
  year={2017},
  publisher={Universidad Nacional Aut{\'o}moma de M{\'e}xico, Facultad de Econom{\'\i}a}
}

@article{ramos2020tasa,
  title={La tasa natural de desempleo en Colombia 2001-2018: evoluci{\'o}n y estimaciones},
  author={Ramos, Cristina Isabel and {\'A}lvarez Garc{\'\i}a, Rub{\'e}n Dar{\'\i}o},
  journal={Entramado},
  volume={16},
  number={1},
  pages={76--93},
  year={2020}
}

@article{decrowdfunding,
  title={Crowdfunding y econom{\'\i}a participativa},
  author={de Espa{\~n}a, Pol{\'\i}tica Financiera},
  pages={245--276}
}

@article{Ospina2020Colombia,
  title={Crowdfunding’ en Colombia: avanzamos, pero no tanto},
  author={Ospina D{\'\i}az, N.},
  journal={{\'\A}mbito Jur{\'\i}dico},
  pages={1--6},
  year={2020}
}

@article{Rodriguez2021Reduce,
  title={S&P reduce la calificaci{\'\o}n de Colombia a BB+ y el pa{\'\i}s pierde el grado de inversi{\'\o}n},
  author={Rodriguez Salcedo, C.},
  journal={La Rep{\'\u}blica},
  url={https://www.larepublica.co/economia/sp-baja-la-calificacion-de-colombia-a-perspectiva-estable-quitando-grado-de-inversion-3172599},
  year={2021}
}

@article{Rojas2021Concejo,
  title={El aumento de la pobreza en Colombia es una tragedia social},
  author={Rojas Mantilla., M. F.},
  journal={Concejo de Bogot{\'\a}},
  url={https://concejodebogota.gov.co/el-aumento-de-la-pobreza-en-colombia-es-una-tragedia-social/cbogota/2021-04-30/092932.php},
  year={2021}
}

@article{Portafolio2010Sector,
  title={Sector financiero cerr{\'\o} bien el 2010; ganancias fueron de $ 8,7 billones},
  author={Secci{\'\o}n - Finanzas},
  journal={Diario Portafolio},
  url={https://www.portafolio.co/economia/finanzas/sector-financiero-cerro-2010-ganancias-billones-119250},
  year={2010}
}

@article{Portafolio2021Desempleo,
  title={Colombia cerr{\'\o} el 2020 con una tasa de desempleo en 15,9%.},
  author={Secci{\'\o}n - Econom{\'\i}a},
  journal={Diario Portafolio},
  url={https://www.portafolio.co/economia/tasa-de-desempleo-en-colombia-2020-dane-548662},
  year={2021}
}

@article{Semana2018Apertura,
  title={As{\'\i} cambi{\'\o} la econom{\'\i}a en 28 años de apertura},
  author={Revista Semana},
  journal={Secci{\'\o}n - Comercio Exterior},
  url={https://www.semana.com/economia/articulo/28-anos-apertura-economica/255671/},
  year={2018}
}

@article{Semana2021Pais,
  title={¿Cu{\'\a}l es el pa{\'\i}s con la mayor tasa de desempleo en Latinoam{\'\e}rica?},
  author={Secci{\'\o}n Naci{\'\o}n},
  journal={Revista Semana},
  url={https://www.semana.com/nacion/articulo/cual-es-el-pais-con-el-mayor-desempleo-en-latinoamerica/202138/},
  year={2021}
}

@article{Republica2021millones,
  title={En 2020, 2,78 millones de personas ingresaron a condici{\'\o}n de pobreza extrema},
  author={Salazar Sierrra, C.},
  journal={Diario La Rep{\'\u}blica},
  url={https://www.larepublica.co/economia/siga-aqui-la-publicacion-de-las-cifras-del-dane-sobre-la-pobreza-monetaria-en-2020-3161669},
  year={2021}
}

@article{Republica2020financiero,
  title={El sistema financiero registr{\'\o} ganancias por unos $24,25 billones a septiembre de 2020},
  author={Vargas Rubio, P. A.},
  journal={Diario La Rep{\'\u}blica},
  url={https://www.larepublica.co/finanzas/sistema-financiero-registro-ganancias-por-2425-billones-entre-enero-y-septiembre-de-2020-3095850},
  year={2020}
}

@article{SAC2019Agricultores,
  title={Colombia: El mayor importador
latinoamericano de productos agr{\'\i}colas y
alimentos de Estados Unidos},
  author={Sociedad de Agricultores Colombianos},
  url={https://sac.org.co/colombia-el-mayor-importador-latinoamericano-de-productos-agricolas-y-alimentos-de-estados-unidos/},
  year={2019}
}

